@BOOK{Cox-Little-Shea97,
  Author =		 {Cox,David and Little, John and O'Shea, Donald},
  Title =		 {Ideals, Varieties, and Algorithms : An Introduction
                  to Computational Algebraic Geometry and Commutative
                  Algebra},
  Publisher =	 {Springer},
  Address =		 {New York, U{SA}},
  Series =		 {Undergraduate Texts in Mathematics},
  Signature =	 {2005-382},
  Year =		 {1997},
  Pages =		 {536},
  Edition =		 {2nd},
  ISSN_ISBN =	 {0-387-94680-2},
  hardcopy =	 {CMP.book.A347},
  pincode =		 {3102005347},
}

@book{Nesterov-2004,
   author =     {Nesterov,Yurii},
   title =      {Introductory lectures on convex optimization : A basic course},
   publisher =  {Springer},
   year =       {2004},
   pages =      {236},
   ISBN =       {1402075537},
   signature =  {2014-26, 13133},
   hardcopy =   {CMP.book.A550 },
}
